@article{ramirez2021,
	author = {Ramirez, Ulises},
	title  = {Procesamiento Paralelo y Distribuido: Una respuesta a una creciente
		demanda de poder de procesamiento},
	year   = {2021},
	url    = {https://github.com/ulisescolina/UC-PYLP/blob/master/Integrador/integrador_pylp_ulises.pdf}
}
